@article{ieee_example,
  author  = {Doe, John and Smith, Jane},
  title   = {An Example IEEE-style Reference},
  journal = {Journal of LaTeX Examples},
  year    = {2020},
  volume  = {42},
  number  = {3},
  pages   = {123-130}
}